@article{Bushmarinov:2011,
  abstract = {The conformational effects in bicyclo[3.3.1]nonanes, while thoroughly studied, have not yet received the full theoretical explanation. R. F. W. Bader's quantum theory of atoms in molecules presents unique opportunities for studying the stereoelectronic interactions (SEI) and weak intramolecular bonding leading to these effects. Here, we report the study of 3,7-dithia-1,5-diazabicyclo[3.3.1]nonane by means of the topological analysis of the calculated (MP2(full)/6-311++G**) and experimental (X-ray derived) charge density to reveal the origins of the so-called "hockey sticks" effect observed in similar compounds. A new explanation of the relative stability of bicyclo[3.3.1]nonane conformers based on the analysis of the QTAIM atomic energies is given. The H{\{}$\backslash$cdots{\}}H and S{\{}$\backslash$cdots{\}}S interactions in bicyclo[3.3.1]nonane and its dithia derivatives are shown to be significant factors contributing to the differences in the relative stability of the conformers.},
  author = {Bushmarinov, Ivan S. and Fedyanin, Ivan V. and Lyssenko, Konstantin A. and Lapteva, Vera L. and Pisarev, Sergey A. and Palyulin, Vladimir A. and Zefirov, Nikolay S. and Antipin, Mikhail Yu.},
  doi = {10.1021/jp203730b},
  issn = {1089-5639},
  journal = {The Journal of Physical Chemistry A},
  number = {45},
  pages = {12738--12745},
  title = {{The “Hockey Sticks” Effect Revisited: The Conformational and Electronic Properties of 3,7-Dithia-1,5-diazabicyclo[3.3.1]nonane from the QTAIM Perspective}},
  url = {http://pubs.acs.org/doi/abs/10.1021/jp203730b},
  volume = {115},
  year = {2011}
}
@article{Pisarev:2013:rus,
  author = {Писарев, С. А. and Палюлин, В. А. and Зефиров, Н. С.},
  doi = {10.7868/S0869565213150152},
  issn = {0869-5652},
  journal = {Доклады Академии Наук},
  number = {2},
  pages = {185--188},
  title = {{Внутримолекулярное напряжение и конформационная энергия некоторых симметричных гетероаналогов бицикло[3.3.1]нонана}},
  url = {https://www.elibrary.ru/item.asp?doi=10.7868/S0869565213150152},
  volume = {450},
  language={russian},
  year = {2013}
}
@article{Pisarev:2013,
  author = {Pisarev, Sergey A. and Palyulin, Vladimir A. and Zefirov, Nikolay S.},
  doi = {10.1134/S0012500813050078},
  issn = {0012-5008},
  journal = {Doklady Chemistry},
  number = {1},
  pages = {131--134},
  title = {{Intramolecular strain and conformational energy of some symmetric heteroanalogues of bicyclo[3.3.1]nonane}},
  url = {http://link.springer.com/10.1134/S0012500813050078},
  volume = {450},
  year = {2013}
}
@article{Pisarev:2019,
  author = {Pisarev, Sergey A. and Shulga, Dmitry A. and Palyulin, Vladimir A. and Zefirov, Nikolay S.},
  doi = {10.1007/s11224-018-1240-z},
  issn = {1040-0400},
  journal = {Structural Chemistry},
  number = {2},
  pages = {509--522},
  title = {{Lone pairs vs. covalent bonds: conformational effects in bicyclo[3.3.1]nonane derivatives}},
  url = {http://link.springer.com/10.1007/s11224-018-1240-z},
  volume = {30},
  year = {2019}
}
