@article{Mohr:1918,
  author = {Mohr, Ernst},
  doi = {10.1002/prac.19180980123},
  issn = {0021-8383},
  journal = {Journal f{\"{u}}r Praktische Chemie},
  number = {1},
  pages = {315--353},
  title = {{Die Baeyersche Spannungstheorie und die Struktur des Diamanten}},
  url = {http://doi.wiley.com/10.1002/prac.19180980123},
  volume = {98},
  language={german},
  year = {1918}
}
@article{MP:1934,
  abstract = {A perturbation theory is developed for treating a system of $n$ electrons in which the Hartree-Fock solution appears as the zero-order approximation. It is shown by this development that the first order correction for the energy and the charge density of the system is zero. The expression for the second-order correction for the energy greatly simplifies because of the special property of the zero-order solution. It is pointed out that the development of the higher approximation involves only calculations based on a definite one-body problem},
  author = {M{\o}ller, Christian and Plesset, Milton S.},
  doi = {10.1103/PhysRev.46.618},
  issn = {0031899X},
  journal = {Physical Review},
  number = {7},
  pages = {618--622},
  publisher = {American Physical Society},
  title = {{Note on an approximation treatment for many-electron systems}},
  url = {http://link.aps.org/doi/10.1103/PhysRev.46.618},
  volume = {46},
  year = {1934}
}
@article{Bicker:1973,
  author = {Bicker, R. and Kessler, H. and Steigel, A.},
  doi = {10.1016/S0040-4039(01)96222-7},
  issn = {00404039},
  journal = {Tetrahedron Letters},
  number = {26},
  pages = {2371--2374},
  title = {{Syntheses of endo-exo-tetracyclo[$3.3.1.0^{2,4}0^{7,8}$]Nonan-9-ones and the unusual course of their ketal hydrolysis}},
  url = {http://linkinghub.elsevier.com/retrieve/pii/S0040403901962227},
  volume = {14},
  year = {1973}
}
@article{Koziol:1986,
  abstract = {The crystal structure of $\alpha$-isolupanine hydroiodide has been determined from X-ray diffraction data. The structure was refined by full-matrix least-squares procedures using 1641 reflections to a fianl R = 0.040 and Rw = 0.048. The crystals are monoclinic (space group A2) and they are built up of cation-anion pairs formed by the N+H...I- hydrogen bonding. The $\alpha$-isolupanine cation is composed of quasi-trans (ringsA/B) and trans (C/D) quinolizidine moieties. The N atoms were found to be in a cisoidal orientation. {\textcopyright} 1986.},
  author = {Kozio{\l}, Anna E.},
  doi = {10.1016/0022-2860(86)87035-1},
  issn = {00222860},
  journal = {Journal of Molecular Structure},
  number = {1-2},
  pages = {121--126},
  title = {{The crystal and molecular structure of $\alpha$-isolupanine hydroiodide}},
  url = {https://linkinghub.elsevier.com/retrieve/pii/0022286086870351},
  volume = {145},
  year = {1986}
}
@article{Herbstein:1986,
  author = {Herbstein, F. H. and Ashkenazi, P. and Kaftory, M. and Kapon, M. and Reisner, G. M. and Ginsburg, D.},
  doi = {10.1107/S0108768186097689},
  issn = {0108-7681},
  journal = {Acta Crystallographica Section B: Structural Science},
  number = {6},
  pages = {575--601},
  title = {{Propellanes {LXXIX}. Comparison of the geometries of dithia[n.3.3]propellanes (n = 1, 2, 3) and dithia(and oxathia)[4.3.3]propellanes. Study of the influence of complexation with \ce{HgCl2}, \ce{I2}, \ce{CdCl2} and \ce{PdCl2} and of formation of sulfoxides on some of these Compounds. Demonstration of the 'Klammer' Effect. Structures of Eighteen Crystals}},
  url = {http://scripts.iucr.org/cgi-bin/paper?S0108768186097689},
  volume = {42},
  year = {1986}
}
@article{Marsh:1988,
  author = {Marsh, R. E. and Herbstein, F. H.},
  doi = {10.1107/S0108768187009492},
  issn = {0108-7681},
  journal = {Acta Crystallographica Section B: Structural Science},
  number = {1},
  pages = {77--88},
  title = {{More space-group changes}},
  url = {http://scripts.iucr.org/cgi-bin/paper?S0108768187009492},
  volume = {44},
  year = {1988}
}
@article{Dunning:1989,
  author = {Dunning, Jr, Thom H.},
  doi = {10.1063/1.456153},
  issn = {00219606},
  journal = {The Journal of Chemical Physics},
  number = {2},
  pages = {1007--1023},
  title = {{Gaussian basis sets for use in correlated molecular calculations. I. The atoms boron through neon and hydrogen}},
  url = {http://link.aip.org/link/JCPSA6/v90/i2/p1007/},
  volume = {90},
  year = {1989}
}
@inbook{Zefirov:1991a,
  author = {Zefirov, Nikolay S. and Palyulin, Vladimir A.},
  booktitle = {Topics in Stereochemistry},
  doi = {10.1002/9780470147290},
  editor = {Eliel, Ernest L. and Wilen, Samuel H.},
  isbn = {9780470147290},
  pages = {171--230},
  publisher = {John Wiley {\&} Sons, Inc.},
  series = {Topics in Stereochemistry},
  title = {{Conformational Analysis of Bicyclo[3.3.1]nonanes and Their Hetero Analogs}},
  url ={http://doi.wiley.com/10.1002/9780470147290}},
  volume = {20},
  year = {1991}
}
@article{Brooks:1991,
  author = {Brooks, Peter R. and Counter, James A. and Bishop, Roger and Tiekink, E. R. T.},
  doi = {10.1107/S0108270191002925},
  issn = {01082701},
  journal = {Acta Crystallographica Section C: Crystal Structure Communications},
  number = {9},
  pages = {1939--1941},
  title = {{Structure of 1,5-dimethyl-3,7-dithiabicyclo[3.3.1]nonane-9-selone}},
  url = {http://scripts.iucr.org/cgi-bin/paper?S0108270191002925},
  volume = {47},
  year = {1991}
}
@article{Brooks:1993,
  author = {Brooks, Peter R. and Bishop, Roger and Craig, Donald C. and Scudder, Marcia L. and Counter, James A.},
  doi = {10.1021/jo00074a013},
  issn = {0022-3263},
  journal = {The Journal of Organic Chemistry},
  number = {22},
  pages = {5900--5906},
  title = {{A new tied-back approach toward the synthesis of tetra-tert-butylethylene}},
  url = {https://pubs.acs.org/doi/abs/10.1021/jo00074a013},
  volume = {58},
  year = {1993}
}
@article{Peterson:1993,
  abstract = {Potential energy functions have been calculated for the electronic ground states of the first row diatomic hydrides BH, CH, NH, OH, and HF using single‐ (HF+1+2) and multi‐ (GVB+1+2 and CAS+1+2) reference internally contracted single and double excitation configuration interaction (CI) wave functions. The convergence of the derived spectroscopic constants and dissociation energies with respect to systematic increases in the size of the one‐particle basis set has been investigated for each method using the correlation consistent basis sets of Dunning and co‐workers. The effect of augmenting the basis sets with extra diffuse functions has also been addressed. Using sets of double (cc‐pVDZ) through quintuple (cc‐pV5Z) zeta quality, the complete basis set (CBS) limits for Ee, De, re, and $\omega_e$ have been estimated for each theoretical method by taking advantage of the regular convergence behavior. The estimated CBS limits are compared to the available experimental results, and the intrinsic errors associated with each theoretical method are discussed. The potential energy functions obtained from GVB+1+2 and CAS+1+2 calculations are observed to yield very comparable spectroscopic constants, with errors in De ranging from 0.4 kcal/mol for BH to 2.9 kcal/mol for HF. The contraction errors associated with the internally contracted multireference CI have also been calculated for each species; while found to increase from BH to HF, they are, in general, small for all calculated spectroscopic constants. For the cc‐pVDZ basis sets, spectroscopic constants have also been determined from full CI calculations.},
  author = {Peterson, Kirk A. and Kendall, Rick A. and Dunning, Jr, Thom H.},
  doi = {10.1063/1.465307},
  issn = {00219606},
  journal = {The Journal of Chemical Physics},
  keywords = {BORON HYDRIDES,CARBYNES,CONFIGURATION INTERACTION,ELECTRON CORRELATION,GROUND STATES,HYDROFLUORIC ACID,HYDROXYL RADICALS,MOLECULES,NITROGEN HYDRIDES,POTENTIAL ENERGY,ROTATIONAL STATES,VIBRATIONAL STATES,WAVE FUNCTIONS},
  number = {1993},
  pages = {1930},
  title = {{Benchmark calculations with correlated molecular wave functions. II. Configuration interaction calculations on first row diatomic hydrides}},
  url = {http://link.aip.org/link/JCPSA6/v99/i3/p1930/},
  volume = {99},
  year = {1993}
}
@article{Woon:1993,
  author = {Woon, David E. and Dunning, Jr, Thom H.},
  doi = {10.1063/1.464303},
  issn = {00219606},
  journal = {The Journal of Chemical Physics},
  number = {2},
  pages = {1358--1371},
  title = {{Gaussian basis sets for use in correlated molecular calculations. {III}. The atoms aluminum through argon}},
  url = {http://link.aip.org/link/JCPSA6/v98/i2/p1358/},
  volume = {98},
  year = {1993}
}
@article{Wysocka:1994,
  author = {Wysocka, W. and Przyby{\l}, A. and Brukwicki, T.},
  doi = {10.1007/BF00813813},
  issn = {0026-9247},
  journal = {Monatshefte f{\"{u}}r Chemie "--- Chemical Monthly},
  number = {11},
  pages = {1267--1272},
  title = {{The structure of angustifoline, an alkaloid of \emph{Lupinus angustifolius}, in solution}},
  url = {http://link.springer.com/10.1007/BF00813813},
  volume = {125},
  year = {1994}
}
@article{Brooks:1995,
  author = {Brooks, Peter R. and Bishop, Roger and Counter, James A. and Tiekink, E. R. T.},
  doi = {10.1524/zkri.1995.210.6.460},
  issn = {2194-4946},
  journal = {Zeitschrift f{\"{u}}r Kristallographie "--- Crystalline Materials},
  number = {6},
  title = {{Crystal structure of 1,5-dimethyl-3,7-dithiabicyclo[3.3.1]nonan-9-one}, \ce{C9H14OS2}},
  url = {http://www.degruyter.com/view/j/zkri.1995.210.issue-6/zkri.1995.210.6.460/zkri.1995.210.6.460.xml},
  volume = {210},
  year = {1995}
}
@article{RI:MP2:1997,
  abstract = {The evaluation of RI-MP2 first derivatives with respect to nuclear coordinates or with respect to an external electric field is described. The prefix RI indicates the use of an approximate resolution of identity in the Hilbert space of interacting charge distributions (Coulomb metric), i.e., the use of an auxiliary basis set to approximate charge distributions. The RI technique is applied to first derivatives of the MP2 correlation energy expression while the (restricted) Hartree-Fock reference is treated in the usual way. Computational savings by a factor of 10 over conventional approaches are demonstrated in an application to porphyrin. It is shown that the RI approximation to MP2 derivatives does not entail any significant loss in accuracy. Finally, the relative energetic stabilities of a representative sample of closed-shelf molecules built from first and second row elements have been investigated by the RI-MP2 approach, and thus it is tested whether such properties that refer to potential energy hypersurfaces in a more global way can be described with similar consistency to the more locally defined derivatives},
  author = {Weigend, Florian and H{\"{a}}ser, Marco},
  doi = {10.1007/s002140050269},
  issn = {1432881X},
  journal = {Theoretical Chemistry Accounts},
  keywords = {Coulomb interaction,Electron correlation,Gradients,MP2,Perturbation theory of electronic structure},
  number = {1-4},
  pages = {331--340},
  title = {{RI-MP2: First derivatives and global consistency}},
  volume = {97},
  year = {1997}
}
@book{Rauk:2001,
  address = {N.Y.},
  author = {Rauk, Arvi},
  edition = {2nd},
  isbn = {978-0-471-35833-6, 0-471-22041-8},
  pages = {i--xv,1--343},
  publisher = {Wiley-Interscience},
  title = {{Orbital Interaction Theory of Organic Chemistry}},
  year = {2001}
}
@incollection{Comba:2007,
  author = {Comba, Peter and Kerscher, Marion and Schiek, Wolfgang},
  booktitle = {Progress in Inorganic Chemistry},
  doi = {10.1002/9780470144428.ch9},
  editor = {Karlin, Kenneth D.},
  pages = {613--704},
  publisher = {John Wiley \& Sons, Inc.},
  title = {{Bispidine Coordination Chemistry}},
  url = {http://doi.wiley.com/10.1002/9780470144428.ch9},
  volume = {55},
  year = {2007}
}
@article{Bushmarinov:UX:2009,
  author = {Бушмаринов, Иван С. and Лысенко, Константин А. and Антипин, Михаил Ю.},
  journal = {Успехи химии},
  number = {4},
  pages = {307--327},
  title = {{Энергия атомов в теории \tqt{атомы в молекулах} и её использование для решения химических задач}},
  volume = {78},
  language={russian},
  year = {2009}
}
@article{Breuning:2009,
  abstract = {A flexible approach, applicable on a gram scale, to chiral 2-endosubstituted 9-oxabispidines was developed. The key intermediate, a cis-configured 6-aminomethylmorpholine-2carbonitrile, was prepared from (R)-3-aminopropane-1,2-diol and 2-chloroacrylonitrile. The 2-endo substituent was introduced by Grignard addition, cyclization, and exo-selective reduction, thus furnishing the enantiomerically pure bi- and tricyclic 9-oxabispidines in 19-59% yield. The CuCl2 complex of the tricyclic 9-oxabispidine, which carries an 2-endo,N-anellated piperidine ring, is an excellent catalyst for enantioselective Henry reactions giving the S-configured $\beta$-nitro alcohols in 9198% ee (13 examples). Surprisingly, the analogous copper complexes of the bicyclic 9-oxabispidines delivered the enantiocomplementary R-configured products in 33-57 % ee. The respective transition states were discussed},
  author = {Breuning, Matthias and Hein, David and Steiner, Melanie and Gessner, Viktoria H. and Strohmann, Carsten},
  doi = {10.1002/chem.200901789},
  issn = {09476539},
  journal = {Chemistry - A European Journal},
  keywords = {Aldol reaction,Asymmetric synthesis,Enantioselective catalysis,Nitrogen heterocycles,Oxabispidines},
  number = {46},
  pages = {12764--12769},
  title = {{Chiral 2-\emph{endo}-Substituted 9-Oxabispidines: Novel Ligands for Enantioselective Copper(II)-Catalyzed Henry Reactions}},
  url = {http://doi.wiley.com/10.1002/chem.200901789},
  volume = {15},
  year = {2009}
}
@article{Breuning:2011,
  author = {Breuning, Matthias and Paasche, Alexander and Steiner, Melanie and Dilsky, Stefan and Gessner, Viktoria H. and Strohmann, Carsten and Engels, Bernd},
  doi = {10.1016/j.molstruc.2011.08.047},
  issn = {00222860},
  journal = {Journal of Molecular Structure},
  number = {1-3},
  pages = {178--185},
  publisher = {Elsevier B.V.},
  title = {{Theoretical and spectroscopic studies on the conformational equilibrium of 9-oxabispidines in solution}},
  url = {http://linkinghub.elsevier.com/retrieve/pii/S0022286011007009},
  volume = {1005},
  year = {2011}
}

@article{Vlasova:2013:rus,
  author = {Власова, И. И. and Байбулатова, Н. З. and Грабовский, С. А. and Хаукка, М. and Докичев, В. А. and Томилов, Ю. В.},
  journal = {Журнал структурной химии},
  number = {2},
  pages = {402--404},
  title = {{Молекулярная структура 3,7-диметил-9-тиа-3,7-диазабицикло[3.3.1]нонан-9,9-диоксида}},
  volume = {54},
  language={russian},
  year = {2013}
}
@article{Vlasova:2013,
  author = {Vlasova, L. I. and Baibulatova, N. Z. and Grabovski, S. A. and Haukka, M. and Dokichev, V. A. and Tomilov, Yu. V.},
  doi = {10.1134/S0022476613020297},
  issn = {0022-4766},
  journal = {Journal of Structural Chemistry},
  number = {2},
  pages = {465--467},
  title = {{Molecular structure of 3,7-dimethyl-9-thia-3,7-diazabicyclo[3.3.1]nonane-9,9-dioxide}},
  url = {http://link.springer.com/10.1134/S0022476613020297},
  volume = {54},
  year = {2013}
}
@article{Pollak:2016,
  author = {Pollak, David and Goddard, Richard and P{\"{o}}rschke, Klaus-Richard},
  doi = {10.1021/acs.inorgchem.6b01690},
  issn = {0020-1669},
  journal = {Inorganic Chemistry},
  number = {18},
  pages = {9424--9435},
  title = {{Synthesis and Structures of 9-Oxabispidine Analogues of Cisplatin, Carboplatin, and Oxaliplatin}},
  url = {https://pubs.acs.org/doi/10.1021/acs.inorgchem.6b01690},
  volume = {55},
  year = {2016}
}
@article{Tomassoli:2016,
  abstract = {Thediazabicyclic molecule bispidine named by the chemist Carl Mannich in 1930, is a naturally occurring scaffold with interesting features. Bispidine can form different conformers, has high basicity, can attack dichloromethane, has metal ion coordination properties and interacts with nicotinic acetylcholine receptors. In this review we will discuss important properties, synthetic pathways and biological activities of bispidine and some derivatives. Bispidine can function as a scaffold for compounds with very diverse biological activities, e.g. interacting with ion channels, G-protein coupled receptors, and enzymes, and is even used for the development of new in vivo radiotracers.},
  author = {Tomassoli, Isabelle and G{\"{u}}ndisch, Daniela},
  doi = {10.2174/1568026615666150915111434},
  issn = {1873-4294},
  journal = {Current topics in medicinal chemistry},
  number = {11},
  pages = {1314--1342},
  pmid = {26369817},
  title = {{Bispidine as a Privileged Scaffold.}},
  url = {http://www.ncbi.nlm.nih.gov/pubmed/26369817},
  volume = {16},
  year = {2016}
}
@article{Ecija:2016,
  abstract = {The rotational spectrum of the tropane alkaloid scopine is detected by Fourier transform microwave spectroscopy in a pulsed supersonic jet. A nonconventional method for bringing the molecules intact into the gas phase is used in which scopine syrup is mixed with glycine powder and the solid mixture is vaporized with an ultrafast UV laser beam. Laser vaporization prevents the easy isomerization to scopoline previously observed with conventional heating methods. A single conformer is unambiguously observed in the supersonic jet and corresponds to the energetically most stable species according to quantum chemical calculations. Rotational and centrifugal distortion constants are accurately determined. The spectrum shows fine and hyperfine structure due to the hindered rotation of the methyl group and the presence of a quadrupolar nucleus (14N), respectively. This additional information allows the angle of N-methyl inversion between the N−CH3 bond and the bicyclic C-N-C plane to be determined (131.8–137.8°), as well as the internal rotation barrier of the methyl group (6.235(1) kJ mol−1).},
  author = {{\'{E}}cija, Patricia and Vallejo-L{\'{o}}pez, Montserrat and Uriarte, Iciar and Basterretxea, Francisco J. and Lesarri, Alberto and Fern{\'{a}}ndez, Jos{\'{e}} A. and Cocinero, Emilio J.},
  doi = {10.1002/cphc.201600368},
  issn = {14394235},
  journal = {ChemPhysChem},
  keywords = {alkaloids,conformation analysis,hydrogen bonds,laser vaporization,rotational spectroscopy},
  mendeley-groups = {Conformational/Bicycles/[3.3.1]},
  number = {19},
  pages = {3030--3034},
  title = {{Scopine Isolated in the Gas Phase}},
  url = {http://doi.wiley.com/10.1002/cphc.201600368},
  volume = {17},
  year = {2016}
}
@article{VallejoLopez:2017,
  author = {Vallejo-L{\'{o}}pez, Montserrat and {\'{E}}cija, Patricia and Vogt, Natalja and Demaison, Jean and Lesarri, Alberto and Basterretxea, Francisco J. and Cocinero, Emilio J.},
  doi = {10.1002/chem.201702232},
  issn = {09476539},
  journal = {Chemistry - A European Journal},
  number = {65},
  pages = {16491--16496},
  title = {{N-Methyl Inversion and Accurate Equilibrium Structures in Alkaloids: Pseudopelletierine}},
  url = {http://doi.wiley.com/10.1002/chem.201702232},
  volume = {23},
  year = {2017}
}
@article{Shainyan:2017,
abstract = {Mono- and diallyltriflamides react with triflamide in the oxidative system \emph{t-}\ce{BuOCl + NaI} to give the products of addition and cycloaddition, unlike the reaction of N -allyltriflamide with arenesulfonamides or trifluoroacetamide leading to chlorination and cyclodimerization.},
author = {Shainyan, B. A. and Astakhova, V. V. and Ganin, A. S. and Moskalik, M. Yu and Sterkhova, I. V.},
doi = {10.1039/C7RA05831D},
issn = {2046-2069},
journal = {RSC Advances},
number = {62},
pages = {38951--38955},
title = {{Oxidative addition/cycloaddition of arenesulfonamides and triflamide to N-allyltriflamide and N,N-diallyltriflamide}},
url = {http://xlink.rsc.org/?DOI=C7RA05831D},
volume = {7},
year = {2017}
}
@article{Goller:2019,
  abstract = {The epimeric bisquinolizidines baptifoline and epibaptifoline are C-13 hydroxylated derivatives of the well-known lupine alkaloid anagyrine. We synthesized both compounds from 11-allylcytisine and determined their uncertain configuration at the C-13 stereocenter by NMR, chemical transformation, and X-ray. The alcohol function was found to be in endo ($\alpha$) position in baptifoline (configuration: 7R, 9R, 11R, 13R) and in exo ($\beta$) position in epibaptifoline (configuration: 7R, 9R, 11R, 13S).},
  author = {Goller, Jessica and H{\"{u}}bschle, Christian B. and Breuning, Matthias},
  doi = {10.1002/ejoc.201801126},
  issn = {1434193X},
  journal = {European Journal of Organic Chemistry},
  keywords = {Alkaloids,Asymmetric synthesis,Bispidine,Configuration determination,Quinolizidine},
  number = {5},
  pages = {895--899},
  title = {{The Hydroxylated, Tetracyclic Bisquinolizidine Alkaloids Baptifoline and Epibaptifoline: Enantioselective Synthesis and Unambiguous Assignment of their Configuration at C-13}},
  url = {http://doi.wiley.com/10.1002/ejoc.201801126},
  volume = {2019},
  year = {2019}
}
@article{Comba:2018,
  abstract = {Radiometal based radiopharmaceuticals for imaging and therapy require selective ligands (bifunctional chelators, BFCs) that form metal complexes, which are inert against trans -chelation under physiological conditions, linked to a biological vector, directing them to the targeted tissue. Bispidine ligands with a very rigid backbone and widely variable donor sets are reviewed as an ideal class of BFCs, and recent applications are discussed.},
  author = {Comba, Peter and Kerscher, Marion and R{\"{u}}ck, Katharina and Starke, Miriam},
  doi = {10.1039/C8DT01108G},
  issn = {1477-9226},
  journal = {Dalton Transactions},
  number = {28},
  pages = {9202--9220},
  publisher = {Royal Society of Chemistry},
  title = {{Bispidines for radiopharmaceuticals}},
  url = {http://xlink.rsc.org/?DOI=C8DT01108G},
  volume = {47},
  year = {2018}
}

%%
%% Enden hec a bibliografy ogden be ScrewDriver te Blackheadborough
%%
% ГОСТ Р 7.0.11-2011, Приложение Б, Книги
@BOOK{Sychev,
  author = {Сычёв, М. С.},
  title = {История Астраханского казачьего войска : учебное пособие},
  address = {Астрахань},
  publisher = {Волга},
  year = {2009},
  numpages = {231},
  language = {russian}
}

@BOOK{Sokolov,
  author = {Соколов, А. Н. and Сердобинцев, К. С.},
  editor = {Бочарова, В. М.},
  address = {Астрахань},
  publisher = {Калиниградский ЮИ МВД России},
  title = {Гражданское общество: проблемы формирования и развития (философский и юридический аспекты) : монография},
  year = {2009},
  numpages = {218},
  language = {russian}
}

@BOOK{Gaidaenko,
  author = {Гайдаенко, Т. А.},
  title = {Маркетинговое управление: принципы управленческих решений и российская практика},
  edition = {3-е изд, перераб. и доп.},
  address = {М.},
  publisher = {Эксмо: МИРБИС},
  year = {2008},
  numpages = {508},
  language = {russian}
}

@BOOK{Lermontov,
  author = {Лермонтов, Михаил Юрьевич},
  title = {Собрание сочинений: в 4 т.},
  address = {М.},
  publisher = {Терра-Кн. клуб},
  year = {2009},
  note = {4 т.},
  language = {russian}
}

@BOOK{Management,
  title = {Управление бизнесом : сборник статей},
  address = {Нижний новгород},
  publisher = {Изд-во Нижегородского университета},
  year = {2009},
  numpages = {243},
  language = {russian}
}

@BOOK{Borozda,
  author = {Борозда, И. В. and Воронин, Н. И. and Бушманов, А. В.},
  title = {Лечение сочетанных повреждений таза},
  address = {Владивосток},
  publisher = {Дальнаука},
  year = {2009},
  numpages = {195},
  language = {russian}
}

@BOOK{Marketing,
  author = {Михненков, О. В. and Коготкова, И. З. and Генкин, Е. В. and Сороко, Г. Я.},
  title = {Маркетинговые исследования в строительстве : учебное пособие для студентов специальности «Менеджмент организаций»},
  address = {М.},
  publisher = {Государственный университет управления},
  year = {2005},
  numpages = {59},
  language = {russian}
}

% ГОСТ Р 7.0.11-2011, Приложение Б, Нормативные правовые акты
@BOOK{Constitution,
  title = {Конституция Российской Федерации : офиц. текст.},
  address = {М.},
  publisher = {Маркетинг},
  year = {2001},
  numpages = {39},
  language = {russian}
}

@BOOK{FamilyCode,
  title = {Семейный кодекс Российской Федерации : [федер. закон: принят Гос. Думой 8 дек. 1995~г. : по состоянию на 3~янв. 2001~г.]},
  address = {СПб.},
  publisher = {Стаун-кантри},
  year = {2001},
  numpages = {94},
  language = {russian}
}

% ГОСТ Р 7.0.11-2011, Приложение Б, Стандарты
@BOOK{Gost.7.0.53,
  title = {ГОСТ Р 7.0.53-2007 Система стандартов по информации, библиотечному и издательскому делу. Издания. Международный стандартный книжный номер. Использование и издательское оформление.},
  address = {М.},
  publisher = {Стандартинформ},
  year = {2007},
  numpages = {5},
  language = {russian}
}

% ГОСТ Р 7.0.11-2011, Приложение Б, Депонированные научные работы
@BOOK{Razumovski,
  author = {Разумовский, В. А. and Андреев, Д. А.},
  title = {Управление маркетинговыми исследованиями в регионе},
  address = {М.},
  year = {2002},
  numpages = {210},
  note = {Деп. в ИНИОН Рос. акад. наук 15.02.02, № 139876},
  language = {russian}
}

% ГОСТ Р 7.0.11-2011, Приложение Б, Диссертации
@BOOK{Lagkueva,
  author = {Лагкуева, Ирина Владимировна},
  title = {Особенности регулирования труда творческих работников театров : дис. ... канд. юрид. наук : 12.00.05},
  address = {М.},
  year = {2009},
  numpages = {168},
  language = {russian}
}

@BOOK{Pokrovski,
  author = {Покровский, Андрей Владимирович},
  title = {Устранимые особенности решений эллиптических уравнений : дис. ... д-ра физ.-мат. наук : 01.01.01},
  address = {М.},
  year = {2008},
  numpages = {178},
  language = {russian}
}

% ГОСТ Р 7.0.11-2011, Приложение Б, Авторефераты диссертаций
@BOOK{Sirotko,
  author = {Сиротко, Владимир Викторович},
  title = {Медико-социальные аспекты городского травматизма в современных условиях : автореф. дис. ... канд. мед. наук : 14.00.33},
  address = {М.},
  year = {2006},
  numpages = {26},
  language = {russian}
}

% !!! этот пример НЕ работает с bibtex
% Тот же пример, с использованием https://www.ctan.org/pkg/biblatex-gost
@THESIS{Sirotko2,
  author =       {Сиротко, Владимир Викторович},
  title =        {Медико-социальные аспекты городского травматизма в современных условиях},
  media =        {text},
  type =         {phdautoref},
  science =      {мед. наук},
  specialitycode ={14.00.33},
  address =      {М.},
  year =         {2006},
  pagetotal =    {26},
  language =     {russian},
}

@BOOK{Lukina,
  author = {Лукина, Валентина Александровна},
  title = {Творческая история «Записок охотника» И. С. Тургенева : автореф. дис. ... канд. филол. наук : 10.01.01},
  address = {СПб.},
  year = {2006},
  numpages = {26},
  language = {russian}
}

% !!! этот пример НЕ работает с bibtex
% Тот же пример, с использованием https://www.ctan.org/pkg/biblatex-gost
@THESIS{Lukina2,
  author =       {Лукина, Валентина Александровна},
  title =        {Творческая история «Записок охотника» И. С. Тургенева},
  media =        {text},
  type =         {phdautoref},
  science =      {филол. наук},
  specialitycode ={10.01.01},
  address =      {СПб.},
  year =         {2006},
  pagetotal =    {26},
  language =     {russian},
}

% ГОСТ Р 7.0.11-2011, Приложение Б, Отчёты о научно-исследовательской работе
@BOOK{Methodology,
  author = {Загорюев, А. Л.},
  title = {Методология и методы изучения военно-профессиональной направленности подростков : отчёт о НИР},
  address = {Екатеринбург},
  institution = {Уральский институт практической психологии},
  year = {2008},
  numpages = {102},
  language = {russian}
}

% ГОСТ Р 7.0.11-2011, Приложение Б, Электронные ресурсы
@BOOK{Encyclopedia,
  title = {Художественная энциклопедия зарубежного классического искусства [Электронный ресурс]},
  address = {М.},
  publisher = {Большая Рос. энкцикл.},
  year = {1996},
  note = {1 электрон. опт. диск (CD-ROM)},
  language = {russian}
}

% !!! этот пример НЕ работает с bibtex
% Тот же пример, с использованием https://www.ctan.org/pkg/biblatex-gost
@BOOK{Encyclopedia2,
  title = {Художественная энциклопедия зарубежного классического искусства},
  address = {М.},
  media = {eresource},
  publisher = {Большая Рос. энкцикл.},
  year = {1996},
  note = {1 электрон. опт. диск (CD-ROM)},
  language = {russian},
}

@ARTICLE{Nasirova,
  author = {Насырова, Г. А.},
  title = {Модели государственного регулирования страховой деятельности [Электронный ресурс]},
  journal = {Вестник Финансовой академии},
  year = {2003},
  media = {eresource},
  number = {4},
  note = {Режим доступа: http://vestnik.fa.ru/4(28)2003/4.html},
  language = {russian}
}

% ГОСТ Р 7.0.11-2011, Приложение Б, Статьи

@ARTICLE{Berestova,
  author = {Берестова, Т. Ф.},
  title = {Поисковые инструменты библиотеки},
  journal = {Библиография},
  year = {2006},
  number = {4},
  pages = {19},
  language = {russian}
}

@ARTICLE{Kriger,
  author = {Кригер, И.},
  title =  {Бумага терпит},
  journal = {Новая газета},
  year = {2009},
  note = {1 июля},
  language = {russian}
}


% Examples from https://verbosus.com/bibtex-style-examples.html
@ARTICLE{Article,
  author   = {Peter Adams},
  title    = {The title of the work},
  journal  = {The name of the journal},
  year     = {1993},
  number   = {2},
  pages    = {201-213},
  month    = {7},
  note     = {An optional note},
  volume   = {4},
  language = {english}
}

@BOOK{Book,
  author    = {Peter Babington},
  title     = {The title of the work},
  publisher = {The name of the publisher},
  year      = {1993},
  volume    = {4},
  series    = {10},
  address   = {The address},
  edition   = {3},
  month     = {7},
  note      = {An optional note},
  isbn      = {3257227892},
  language  = {english}
}

@BOOKLET{Booklet,
  title        = {The title of the work},
  author       = {Peter Caxton},
  howpublished = {How it was published},
  address      = {The address of the publisher},
  month        = {7},
  year         = {1993},
  note         = {An optional note},
  language     = {english}
}

@CONFERENCE{Conference,
  author       = {Peter Draper},
  title        = {The title of the work},
  booktitle    = {The title of the book},
  year         = {1993},
  editor       = {The editor},
  volume       = {4},
  series       = {5},
  pages        = {213},
  address      = {The address of the publisher},
  month        = {7},
  organization = {The organization},
  publisher    = {The publisher},
  note         = {An optional note},
  language     = {english}
}

@INBOOK{Inbook,
  author       = {Peter Eston},
  title        = {The title of the work},
  booktitle    = {Book title},
  chapter      = {8},
  pages        = {201-213},
  publisher    = {The name of the publisher},
  year         = {1993},
  volume       = {4},
  series       = {5},
  address      = {The address of the publisher},
  edition      = {3},
  month        = {7},
  note         = {An optional note},
  language     = {english}
}

@INCOLLECTION{Incollection,
  author       = {Peter Farindon},
  title        = {The title of the work},
  booktitle    = {The title of the book},
  publisher    = {The name of the publisher},
  year         = {1993},
  editor       = {The editor},
  volume       = {4},
  series       = {5},
  chapter      = {8},
  pages        = {201-213},
  address      = {The address of the publisher},
  edition      = {3},
  month        = {7},
  note         = {An optional note},
  language     = {english}
}

@MANUAL{Manual,
  title        = {The title of the work},
  author       = {Peter Gainsford},
  organization = {The organization},
  address      = {The address of the publisher},
  edition      = {3},
  month        = {7},
  year         = {1993},
  note         = {An optional note},
  language     = {english}
}

@MASTERSTHESIS{Mastersthesis,
  author       = {Peter Harwood},
  title        = {The title of the work},
  school       = {The school where the thesis was written},
  year         = {1993},
  address      = {The address of the publisher},
  month        = {7},
  note         = {An optional note},
  language     = {english}
}

@MISC{Misc,
  author       = {Peter Isley},
  title        = {The title of the work},
  howpublished = {How it was published},
  month        = {7},
  year         = {1993},
  note         = {An optional note},
  language     = {english}
}

@PHDTHESIS{Phdthesis,
  author       = {Peter Joslin},
  title        = {The title of the work},
  school       = {The school where the thesis was written},
  year         = {1993},
  address      = {The address of the publisher},
  month        = {7},
  note         = {An optional note},
  language     = {english}
}

@PROCEEDINGS{Proceedings,
  title        = {The title of the work},
  year         = {1993},
  editor       = {Peter Kidwelly},
  volume       = {4},
  series       = {5},
  address      = {The address of the publisher},
  month        = {7},
  organization = {The organization},
  publisher    = {The name of the publisher},
  note         = {An optional note},
  language     = {english}
}

@TECHREPORT{Techreport,
  author       = {Peter Lambert},
  title        = {The title of the work},
  institution  = {The institution that published},
  year         = {1993},
  number       = {2},
  address      = {The address of the publisher},
  month        = {7},
  note         = {An optional note},
  language     = {english}
}

@UNPUBLISHED{Unpublished,
  author       = {Peter Marcheford},
  title        = {The title of the work},
  note         = {An optional note},
  month        = {7},
  year         = {1993},
  language     = {english}
}

%%% Реальные примеры

% Инициалы должны быть записаны после запятой, с точками, через пробел
% http://www.kit-e.ru/articles/elcomp/2006_12_124.php
% Подчёркивания в ссылке приходится экранировать
% http://www.kit-e.ru/articles/elcomp/2006\_12\_124.php
@online{medvedev2006jelektronnye,
  title={Электронные компоненты и монтажные подложки},
  author={Медведев, А. М.},
  journal={Компоненты и технологии},
  number={12},
  pages={124--134},
  year={2006},
  medium={Электронный ресурс},
  url = {http://www.kit-e.ru/articles/elcomp/2006\_12\_124.php},
  urldate = {19.01.2015},
  language = {russian}
}

% Real example
% & в названии журнала надо экранировать
% 10.1002/1521-4125(200007)23:7<581::AID-CEAT581>3.0.CO;2-P
% < > в ссылке приходится экранировать %3C и %3E, а потом ещё знаки процента в них экранировать
% 10.1002/1521-4125(200007)23:7%3C581::AID-CEAT581%3E3.0.CO;2-P
% 10.1002/1521-4125(200007)23:7\%3C581::AID-CEAT581\%3E3.0.CO;2-P
% url не нужен. если запись о бумажной публикации
@article {CEAT:CEAT581,
  author = {Deiters, U. K.},
  title = {A Modular Program System for the Calculation of Thermodynamic Properties of Fluids},
  journal = {Chemical Engineering \& Technology},
  volume = {23},
  number = {7},
  publisher = {WILEY-VCH Verlag},
  issn = {1521-4125},
  doi = {10.1002/1521-4125(200007)23:7<581::AID-CEAT581>3.0.CO;2-P},
  pages = {581--584},
  year = {2000},
  language = {english}
}

% Real with  4 authors
@article{doi:10.1080/01932691.2010.513279,
  author = {Young-Sang Cho and Young Kuk Kim and Kook Chae Chung and Chul Jin Choi },
  title = {Deformation of Colloidal Crystals for Photonic Band Gap Tuning},
  journal = {Journal of Dispersion Science and Technology},
  volume = {32},
  number = {10},
  pages = {1408-1415},
  year = {2011},
  doi = {10.1080/01932691.2010.513279},
  language = {english}
}

% doi with (), author with umlaut or other unicode or specific symbols, 9 authors
% latex don't like Gösele1999161 in ref
% Умляуты в авторах понимаются из-за поддержки в юникодной странице pdflatex и xelatex
% Иллюстрация того, что будет. если на английской записи будут поставлена пометка, что язык русский
@article{Gosele1999161,
  title = "Wafer bonding for microsystems technologies",
  journal = "Sensors and Actuators A: Physical",
  volume = "74",
  number = "1–3",
  pages = "161 - 168",
  year = "1999",
  issn = "0924-4247",
  doi = "10.1016/S0924-4247(98)00310-0",
  author = "Gösele, U. and Tong, Q.-Y. and Schumacher, A. and Kräuter, G. and Reiche, M. and Plößl, A. and Kopperschmidt, P. and Lee, T.-H. and Kim, W.-J.",
  keywords = "Wafer bonding",
  keywords = "Fusion bonding",
  keywords = "Pressure sensors",
  keywords = "Interface reactions",
  keywords = "Hydrophilic bonding",
  keywords = "Hydrophobic bonding",
  language = {russian}
}

% Real example (from Google or Springer)
% unmodified styles don't know %language = {English}
% язык писать с маленьких
% иллюстрация incollection
% 10.1007/0-387-32989-7_45
% Подчёркивания в DOI приходится экранировать
% 10.1007/0-387-32989-7\_45
@incollection{Li2007StressAnalysis,
  year={2007},
  isbn={978-0-387-27974-9},
  booktitle={Micro- and Opto-Electronic Materials and Structures: Physics, Mechanics, Design, Reliability, Packaging},
  editor={Suhir, E. and Lee, Y. C. and Wong, C. P.},
  doi={10.1007/0-387-32989-7_45},
  title={Stress Analysis for Processed Silicon Wafers and Packaged Micro-devices},
  publisher={Springer US},
  author={Li, Li and Guo, Yifan and Zheng, Dawei},
  pages={B677-B709},
  language={english}
}

% Real, β sign
% inputenc don't know β sign %aluminosilicate-β-quartz
% Знаки типа β, которые не знает таблица кодировки, с которой работает компилятор нужно заменять на latex команды
% doi должен быть без http://dx.doi.org/
@article{Shoji199895,
title = "Low-temperature anodic bonding using lithium aluminosilicate-\(\beta\)-quartz glass ceramic",
journal = "Sensors and Actuators A: Physical",
volume = "64",
number = "1",
pages = "95 - 100",
year = "1998",
note = "Tenth {IEEE} International Workshop on Micro Electro Mechanical Systems ",
issn = "0924-4247",
doi = "10.1016/S0924-4247(97)01659-2",
author = {Shuichi Shoji and Hiroto Kikuchi and Hirotaka Torigoe},
keywords = "Anodic bonding",
keywords = "Low-temperature bonding",
keywords = "Micro assembly",
keywords = "Micro package",
keywords = "Glass ceramic",
}


% from urlbst package
% Example from Jason Eisner, by mail (nothing special about the entry,
% but he seemed to be having formatting problems with unsrturl and proceedings
% entries.
% http://cs.jhu.edu/~jason/papers/#icassp07
@InProceedings{test:eisner-sample,
  author =       {Damianos Karakos and Sanjeev Khudanpur and Jason
                  Eisner and Carey~E. Priebe},
  title =        {Iterative denoising using {J}ensen-{R}enyi
                  divergences with an application to unsupervised
                  document categorization},
  booktitle =    {Proceedings of ICASSP},
  year =         2007,
  url =          {http://cs.jhu.edu/~jason/papers/\#icassp07}
}

@InProceedings{test:eisner-sample-shorted,
  author =       {Damianos Karakos and Sanjeev Khudanpur and Jason
                  Eisner and Carey~E. Priebe},
  title =        {Iterative denoising using {J}ensen-{R}enyi
                  divergences with an application to unsupervised
                  document categorization},
  booktitle =    {Proceedings of ICASSP},
  shortbooktitle = {Proc. of ICASSP},
  year =         2007,
  url =          {http://cs.jhu.edu/~jason/papers/\#icassp07}
}

% Попытка записать патент имеющимися средствами
@Book{iofis_patent1960,
  title                    = {Способ пайки керамики с~керамикой и~стекла с~металлом : а.\,с.~126728 СССР},
  author                   = {Иофис, Н. А.},
  year                     = {1960},
  numpages                 = {Бюл. № 5.~1},
  language                 = {russian}
}

% Попытка записать патент имеющимися средствами
@Book{AB_patent_Pomerantz_1968,
  title                    = {Anodic bonding : patent no. 3397278 US},
  author                   = {Pomerantz, D. I.},
  year                     = {1968},
  language                 = {english}
}

% !!! этот пример НЕ работает с bibtex
% Примеры оформления патентов из пакета https://www.ctan.org/pkg/biblatex-gost
@Patent{patent2h,
  heading =      {Заявка 1095735 Рос. федерация, МПК\ensuremath{^7} B 64 G 1/00},
  author =       {Тернер, Э. В.},
  authortype =   {США},
  title =        {Одноразовая ракета-носитель},
  media =        {text},
  holder =       {{заявитель Спейс Системз/Лорал, инк.}},
  credits =      {патент. поверенный Егорова Г. Б.},
  reqnumber =    {2000108705/28},
  date =         {2000-04-07},
  publdate =     {2001-03-10},
  publication =  {Бюл. № 7 (I ч.)\midsentence},
  prdate =       {1999-04-09},
  prnumber =     {09/289, 037},
  prcountry =    {countryus},
  pagetotal =    {5 с.~: ил.},
  language =     {russian},
}

@Patent{patent3h,
  heading =      {А. с. 1007970 СССР, МКИ\ensuremath{^3} В 25.1 15/00},
  author =       {В. С. Ваулин and В. Г. Кемайкин},
  authortype =   {СССР},
  title =        {Устройство для захвата неориентированных деталей типа валов},
  media =        {text},
  reqnumber =    {3360585/25-08},
  date =         {1981-11-23},
  publication =  {Бюл. № 12},
  publdate =     {1983-03-30},
  pagetotal =    {2 с.~: ил.},
  language =     {russian},
}

@Patent{patent2,
  author =       {Тернер, Э. В.},
  authortype =   {США},
  title =        {Одноразовая ракета-носитель},
  media =        {text},
  type =         {patreq},
  number =       1095735,
  location =     {countryru},
  ipc =          {МПК\ensuremath{^7} B 64 G 1/00},
  holder =       {{заявитель Спейс Системз/Лорал, инк.}},
  credits =      {патент. поверенный Егорова Г. Б.},
  reqnumber =    {2000108705/28},
  date =         {2000-04-07},
  publdate =     {2001-03-10},
  publication =  {Бюл. № 7 (I ч.)\midsentence},
  prioritydate = {1999-04-09},
  prioritynumber ={09/289, 037},
  prioritycountry ={countryus},
  pagetotal =    {5 с.~: ил.},
  language =     {russian},
}
